@misc{Tartu19,
author = {University Tartu},
title = {Digital Image Processing},
howpublished = {\url{https://sisu.ut.ee/imageprocessing/book/1}},
month = {Setembro},
year = {2019},
note = {(Acessado em 09/28/2019)}
}

@book{Lamb15,
  title={Automa{\c{c}}{\~a}o Industrial na Pr{\'a}tica - S{\'e}rie Tekne},
  author={Lamb, F.},
  isbn={9788580555141},
  series={Tekne},
  url={https://books.google.com.br/books?id=X5XzCQAAQBAJ},
  year={2015},
  publisher={AMGH Editora}
}

@misc{raspberry,
author = {Raspberry},
title = {Teach, Learn, and Make with Raspberry Pi – Raspberry Pi},
howpublished = {\url{https://www.raspberrypi.org/}},
month = {setembro},
year = {2019},
	note = {(Acessado em 09/29/2019)}
}

@article{Shilpashree15,
author = {S, Shilpashree and Hlmg, Lokesha and Shivkumar, Hadimani},
year = {2015},
month = {05},
pages = {199-202},
title = {Implementation of Image Processing on Raspberry Pi},
volume = {4},
journal = {IJARCCE},
doi = {10.17148/IJARCCE.2015.4545}
}

@INPROCEEDINGS{Karthik16, 
author={ {Karthik G.} and {Praburam N.}}, 
booktitle={2016 Online International Conference on Green Engineering and Technologies (IC-GET)}, 
title={Detection and prevention of Banana leaf diseases from banana plant using Embeeded Linux board}, 
year={2016}, 
pages={1-5}, 
doi={10.1109/GET.2016.7916817}, 
month={Nov},}

@misc{beagle,
author = {BeagleBone},
title = {BeagleBoard.org - black},
howpublished = {\url{https://beagleboard.org/black}},
month = {Setembro},
year = {2019},
note = {(Acessadoe em 09/28/2019)}
}

@inproceedings{Batista17,
 author = {Batista, Cassio T. and Campos, Erick M. and Neto, Nelson C. Sampaio},
 title = {A Proposal of a Universal Remote Control System Based on Head Movements},
 booktitle = {Proceedings of the XVI Brazilian Symposium on Human Factors in Computing Systems},
 series = {IHC 2017},
 year = {2017},
 isbn = {978-1-4503-6377-8},
 location = {Joinville, Brazil},
 articleno = {2},
 numpages = {10},
 url = {http://doi.acm.org/10.1145/3160504.3160516},
 doi = {10.1145/3160504.3160516},
 acmid = {3160516},
 publisher = {ACM},
 address = {New York, NY, USA},
 keywords = {Assistive Technology, Head pose estimation, mean opinion score, universal remote control},
} 

@misc{chip,
author = {C.H.I.P},
title = {Pocket C.H.I.P. formerly from Next Thing Co.},
howpublished = {\url{https://shop.pocketchip.co/}},
month = {Setembro},
year = {2019},
note = {(Acessado em 09/28/2019)}
}

@misc{arduino,
author = {Arduino},
title = {Arduino - Home},
howpublished = {\url{https://www.arduino.cc/}},
month = {Setembro},
year = {2019},
note = {(Acessado em 09/28/2019)}
}


@INPROCEEDINGS{Li09, 
author={C. {Li} and Y. {Zhang} and Z. {Zheng}}, 
booktitle={2009 International Forum on Information Technology and Applications}, 
title={Design of Image Acquisition and Processing Based on FPGA}, 
year={2009}, 
volume={3}, 
number={}, 
pages={113-115}, 
keywords={field programmable gate arrays;image denoising;image processing;FPGA;digital image acquisition;white balance processing;image denoising methods;Field programmable gate arrays;Image processing;CMOS image sensors;Control systems;Displays;Real time systems;Information technology;Digital signal processing chips;Application software;SDRAM;image acquisition;image processing;white balance processing;FPGA}, 
doi={10.1109/IFITA.2009.116}, 
ISSN={}, 
month={May},}


@misc{fpga,
author = {Xilinx},
title = {What is an FPGA? Field Programmable Gate Array},
howpublished = {\url{https://www.xilinx.com/products/silicon-devices/fpga/what-is-an-fpga.html}},
month = {Setembro},
year = {2019},
note = {(Acessado em 09/28/2019)}
}

@INPROCEEDINGS{Sivaranjani15, 
author={S. {Sivaranjani} and S. {Sumathi}}, 
booktitle={2015 International Conference on Innovations in Information, Embedded and Communication Systems (ICIIECS)}, 
title={Implementation of fingerprint and newborn footprint feature extraction on Raspberry Pi}, 
year={2015}, 
pages={1-6}, 
doi={10.1109/ICIIECS.2015.7193087}, 
month={March},}

@misc{opencv,
author = {OpenCV},
title = {OpenCV -The latest release is now available},
howpublished = {\url{https://opencv.org/}},
month = {Setembro},
year = {2019},
note = {(Acessado em 09/28/2019)}
}

@article{Markovic18,
author = {Markovic, Dusan and Vujicic, Dejan and Dragana, Mitrović and Ranđić, Siniša},
year = {2018},
month = {12},
pages = {83 - 90},
title = {Image Processing on Raspberry Pi Cluster},
volume = {2},
doi = {10.7251/IJEEC1802083M}
}
