@Book{knuth:84,
  author = 	 {Donald E. Knuth},
  title = 	 {The {\TeX} Book},
  publisher = 	 {Addison-Wesley},
  year = 	 {1984},
  edition = 	 {15th}
}

@InCollection{boulic:91,
  author = 	 {R. Boulic and O. Renault},
  title = 	 {3D Hierarchies for Animation},
  booktitle = 	 {New Trends in Animation and Visualization},
  publisher =    {John Wiley {\&} Sons ltd.},
  year = 	 {1991},
  editor = 	 {Nadia Magnenat-Thalmann and Daniel Thalmann}
}

@InCollection{smith:99,
  author = 	 {A. Smith and B. Jones},
  title = 	 {On the Complexity of Computing},
  booktitle = 	 {Advances in Computer Science},
  pages = 	 {555--566},
  publisher =    {Publishing Press},
  year = 	 {1999},
  editor = 	 {A. B. Smith-Jones}
}

@book{Bhujade95,
  title={Parallel Computing},
  author={Bhujade, M.R.},
  isbn={9788122406849},
  year={1995},
  publisher={New Age International (P) Limited}
}

@inproceedings{Suleman10,
 author = {Suleman, M. Aater and Qureshi, Moinuddin K. and Khubaib and Patt, Yale N.},
 title = {Feedback-directed Pipeline Parallelism},
 booktitle = {Proceedings of the 19th International Conference on Parallel Architectures and Compilation Techniques},
 series = {PACT '10},
 year = {2010},
 isbn = {978-1-4503-0178-7},
 location = {Vienna, Austria},
 pages = {147--156},
 numpages = {10},
 url = {http://doi.acm.org/10.1145/1854273.1854296},
 doi = {10.1145/1854273.1854296},
 acmid = {1854296},
 publisher = {ACM},
 address = {New York, NY, USA},
 keywords = {CMP, pipelining},
} 

@INPROCEEDINGS{Xiao10, 
author={Z. {Xiao} and B. {Zhang}}, 
booktitle={2010 18th International Conference on Geoinformatics}, 
title={Parallel image processing based on pipeline}, 
year={2010}, 
volume={}, 
number={}, 
pages={1-4}, 
keywords={image processing;multiprocessing systems;parallel processing;pipeline processing;remote sensing;parallel image processing;pipeline technology;multicore CPU;remote sensing image processing;parallel computing;Pipeline processing;Pipelines;Remote sensing;Image processing;Computers;Multicore processing;Pipeline;Remote sensing image processing;Multi-core processors}, 
doi={10.1109/GEOINFORMATICS.2010.5567655}, 
ISSN={}, 
month={June},}

@misc{Evolutio17,
author = {William N Young},
title = {Evolution and Advancement of Microprocessor - Techyv.com},
howpublished = {\url{https://www.techyv.com/article/evolution-and-advancement-microprocessor/}},
month = {Junho},
year = {2016},
note = {(Acessado em 09/23/2019)}
}
